<?xml version="1.0" encoding="UTF-8"?><record xmlns="http://www.loc.gov/MARC21/slim" xmlns:cinclude="http://apache.org/cocoon/include/1.0" xmlns:zs="http://www.loc.gov/zing/srw/">
  <leader>00488nz  a2200121n  4500</leader>
  <controlfield tag="001">nr2003006719</controlfield>
  <controlfield tag="003">DLC</controlfield>
  <controlfield tag="005">20030227033131.0</controlfield>
  <controlfield tag="008">030226n| acannaabn          |n aaa     c</controlfield>
  <datafield tag="010" ind1=" " ind2=" ">
    <subfield code="a">nr2003006719</subfield>
  </datafield>
  <datafield tag="040" ind1=" " ind2=" ">
    <subfield code="a">StEdNL</subfield>
    <subfield code="b">eng</subfield>
    <subfield code="c">StEdNL</subfield>
  </datafield>
  <datafield tag="100" ind1="1" ind2=" ">
    <subfield code="a">Izamoje, Innocent A.</subfield>
  </datafield>
  <datafield tag="670" ind1=" " ind2=" ">
    <subfield code="a">Get real!, 2002:</subfield>
    <subfield code="b">t.p. (Innocent A. Izamoje) p. 4 of cover (Dr. Izamoje; Dr. Innocent Izamoje is the Managing Director of On Top Consulting Ltd.) p. ix (Dr. Innocent A. Izamoje, D.Phil, M.Sc., B.Sc (Hons.), MIMgt, FCIPD)</subfield>
  </datafield>
</record>